<?xml version="1.0"?>
<marc:records xmlns:marc="http://www.loc.gov/MARC21/slim" xmlns:xsi="http://www.w3.org/2001/XMLSchema-instance" xsi:schemaLocation="http://www.loc.gov/MARC21/slim http://www.loc.gov/standards/marcxml/schema/MARC21slim.xsd">
  <marc:record>
    <marc:leader>06043nam a2200637Ia 4500</marc:leader>
    <marc:controlfield tag="001">9977565350003681</marc:controlfield>
    <marc:controlfield tag="005">20191021083024.0</marc:controlfield>
    <marc:controlfield tag="006">m     o  c        </marc:controlfield>
    <marc:controlfield tag="007">cr#cn|024aaaba</marc:controlfield>
    <marc:controlfield tag="008">190805s1778    mr            000 0 ara d</marc:controlfield>
    <marc:datafield ind1=" " ind2=" " tag="035">
  <marc:subfield code="a">(OCoLC)1111578786</marc:subfield>
</marc:datafield>
    <marc:datafield ind1=" " ind2=" " tag="035">
  <marc:subfield code="a">(OCoLC)on1111578786</marc:subfield>
</marc:datafield>
    <marc:datafield ind1=" " ind2=" " tag="040">
  <marc:subfield code="a">PAU</marc:subfield>
  <marc:subfield code="b">eng</marc:subfield>
  <marc:subfield code="c">PAU</marc:subfield>
  <marc:subfield code="e">amremm</marc:subfield>
</marc:datafield>
    <marc:datafield ind1=" " ind2="9" tag="099">
  <marc:subfield code="a">Penn Museum 29-201-710</marc:subfield>
</marc:datafield>
    <marc:datafield ind1="0" ind2="3" tag="245">
  <marc:subfield code="6">880-01</marc:subfield>
  <marc:subfield code="a">al-Durr al-nafi&#x304;s fi&#x304; uns al-z&#x323;a&#x304;&#x2BB;in wa-al-jali&#x304;s</marc:subfield>
  <marc:subfield code="h">[electronic resource].</marc:subfield>
</marc:datafield>
    <marc:datafield ind1=" " ind2=" " tag="260">
  <marc:subfield code="a">[Morocco?],</marc:subfield>
  <marc:subfield code="c">1192 A.H. (1778)</marc:subfield>
</marc:datafield>
    <marc:datafield ind1=" " ind2=" " tag="300">
  <marc:subfield code="a">1 online resource (i,  255, i, paginated leaves).</marc:subfield>
</marc:datafield>
    <marc:datafield ind1=" " ind2=" " tag="500">
  <marc:subfield code="a">Title from introduction (p. 1)</marc:subfield>
</marc:datafield>
    <marc:datafield ind1=" " ind2=" " tag="500">
  <marc:subfield code="a">Pagination in Hindu-Arabic numerals in pencil, upper outer corners (1-32), pagination in ink in Arabic numerals upper, outer margin (1-10); sequence continued in modern pagination in pencil, upper outer corners (33-508); catchwords every verso, lower left.</marc:subfield>
</marc:datafield>
    <marc:datafield ind1=" " ind2=" " tag="500">
  <marc:subfield code="a">Layout: Written in 25 long lines.</marc:subfield>
</marc:datafield>
    <marc:datafield ind1=" " ind2=" " tag="500">
  <marc:subfield code="a">Script: Written in maghribi&#x304; in dark brown ink; pointed, occasionally vocalized.</marc:subfield>
</marc:datafield>
    <marc:datafield ind1=" " ind2=" " tag="500">
  <marc:subfield code="a">Decoration: Rubrications in red, heavier brown, and occasionally green.</marc:subfield>
</marc:datafield>
    <marc:datafield ind1=" " ind2=" " tag="500">
  <marc:subfield code="a">Binding: Bound in brown leather over pasteboard with flap (Type II); blind stamped central mandola and blind tooled and stamped frames; the fore-edge hinge and spine have been reinforced with red leather.</marc:subfield>
</marc:datafield>
    <marc:datafield ind1=" " ind2=" " tag="500">
  <marc:subfield code="a">Origin: Copy completed in Dhu&#x304; al-H&#x323;ijjah in the year 1192 (December 1778) by Ibn Arkin Muh&#x323;ammad al-Mu&#x304;nib (p. 508).</marc:subfield>
</marc:datafield>
    <marc:datafield ind1=" " ind2=" " tag="500">
  <marc:subfield code="6">880-02</marc:subfield>
  <marc:subfield code="a">Incipit: wa-ba&#x2BB;d fa-inni&#x304; ra&#x2BC;aytu ahl zama&#x304;nina&#x304; ha&#x304;dha&#x304; mu&#x304;la&#x2BB;i&#x304;n bi-kutub al-jiha&#x304;d ra&#x304;ghibi&#x304;n fi&#x304; sama&#x304;&#x2BB; akhba&#x304;r futu&#x304;h&#x323; al-bila&#x304;d.</marc:subfield>
</marc:datafield>
    <marc:datafield ind1=" " ind2=" " tag="500">
  <marc:subfield code="a">Dimensions of original manuscript: 303 x 195 (210 x 125) mm bound to 303 x 210 mm.</marc:subfield>
</marc:datafield>
    <marc:datafield ind1=" " ind2=" " tag="500">
  <marc:subfield code="a">Watermarked European paper: Large central fleur-de-lis with crown, diagonal stripe, and oval pendant with initials AP or BG centered underneath.</marc:subfield>
</marc:datafield>
    <marc:datafield ind1=" " ind2=" " tag="520">
  <marc:subfield code="a">In the introduction, the author says that this is a retelling of the conquest of Syria and Iraq (Futu&#x304;h&#x323; al-Sha&#x304;m wa-al-&#x2BB;Ira&#x304;q). The author states that 'the people of this time of ours' (ahl zama&#x304;nina&#x304; ha&#x304;dha&#x304;) like reading conquest literature, so he has borrowed from the futu&#x304;h&#x323; works of both Ah&#x323;mad ibn Muh&#x323;ammad al-T&#x323;alamanki&#x304; [al-Ma&#x2BB;a&#x304;firi&#x304;] and Muh&#x323;ammad ibn &#x2BB;Umar al-Wa&#x304;qidi&#x304; and produced his own volume.</marc:subfield>
</marc:datafield>
    <marc:datafield ind1=" " ind2=" " tag="524">
  <marc:subfield code="a">University of Pennsylvania Museum of Archaeology and Anthropology 29-201-710</marc:subfield>
</marc:datafield>
    <marc:datafield ind1=" " ind2=" " tag="533">
  <marc:subfield code="a">Electronic reproduction.</marc:subfield>
  <marc:subfield code="b">Philadelphia, Pa. :</marc:subfield>
  <marc:subfield code="c">University of Pennsylvania Libraries,</marc:subfield>
  <marc:subfield code="d">2019.</marc:subfield>
</marc:datafield>
    <marc:datafield ind1=" " ind2=" " tag="534">
  <marc:subfield code="p">Original:</marc:subfield>
  <marc:subfield code="t">Durr al-nafi&#x304;s fi&#x304; uns al-z&#x323;a&#x304;&#x2BB;in wa-al-jali&#x304;s (29-201-710),</marc:subfield>
  <marc:subfield code="l">University of Pennsylvania Museum of Archaeology and Anthropology.</marc:subfield>
</marc:datafield>
    <marc:datafield ind1=" " ind2=" " tag="538">
  <marc:subfield code="a">Mode of access: World Wide Web.</marc:subfield>
</marc:datafield>
    <marc:datafield ind1="1" ind2=" " tag="541">
  <marc:subfield code="a">Acquired during the Expedition in Morocco by Talcott Williams and Sophia Wells Royce Williams, 1898.</marc:subfield>
</marc:datafield>
    <marc:datafield ind1=" " ind2=" " tag="546">
  <marc:subfield code="a">Arabic.</marc:subfield>
</marc:datafield>
    <marc:datafield ind1=" " ind2="0" tag="651">
  <marc:subfield code="a">Islamic Empire</marc:subfield>
  <marc:subfield code="x">History</marc:subfield>
  <marc:subfield code="y">661-750.</marc:subfield>
</marc:datafield>
    <marc:datafield ind1=" " ind2="7" tag="655">
  <marc:subfield code="a">Fascimiles.</marc:subfield>
  <marc:subfield code="2">aat</marc:subfield>
</marc:datafield>
    <marc:datafield ind1=" " ind2="7" tag="655">
  <marc:subfield code="a">Islamic bindings (Binding)</marc:subfield>
  <marc:subfield code="2">rbbin</marc:subfield>
</marc:datafield>
    <marc:datafield ind1=" " ind2="7" tag="655">
  <marc:subfield code="a">Full covers.</marc:subfield>
  <marc:subfield code="2">lobt</marc:subfield>
</marc:datafield>
    <marc:datafield ind1=" " ind2="7" tag="655">
  <marc:subfield code="a">Envelope flaps (features)</marc:subfield>
  <marc:subfield code="2">lobt</marc:subfield>
</marc:datafield>
    <marc:datafield ind1=" " ind2="0" tag="655">
  <marc:subfield code="a">Manuscripts, Arabic.</marc:subfield>
</marc:datafield>
    <marc:datafield ind1=" " ind2="0" tag="655">
  <marc:subfield code="a">Manuscripts, 17th century.</marc:subfield>
</marc:datafield>
    <marc:datafield ind1=" " ind2="0" tag="655">
  <marc:subfield code="a">Manuscripts, 18th century.</marc:subfield>
</marc:datafield>
    <marc:datafield ind1="1" ind2="2" tag="700">
  <marc:subfield code="6">880-03</marc:subfield>
  <marc:subfield code="a">Wa&#x304;qidi&#x304;, Muh&#x323;ammad ibn &#x2BB;Umar,</marc:subfield>
  <marc:subfield code="d">747 or 748-823.</marc:subfield>
  <marc:subfield code="t">Works.</marc:subfield>
  <marc:subfield code="k">Selections.</marc:subfield>
</marc:datafield>
    <marc:datafield ind1="1" ind2="2" tag="700">
  <marc:subfield code="6">880-04</marc:subfield>
  <marc:subfield code="a">Ma&#x2BB;a&#x304;firi&#x304;, Ah&#x323;mad ibn Muh&#x323;ammad,</marc:subfield>
  <marc:subfield code="d">950 or 951-1038.</marc:subfield>
  <marc:subfield code="t">Works.</marc:subfield>
  <marc:subfield code="k">Selections.</marc:subfield>
</marc:datafield>
    <marc:datafield ind1="0" ind2=" " tag="700">
  <marc:subfield code="6">880-05</marc:subfield>
  <marc:subfield code="a">Ibn Arkin Muh&#x323;ammad al-Mu&#x304;nib,</marc:subfield>
  <marc:subfield code="d">active 1778,</marc:subfield>
  <marc:subfield code="e">scribe.</marc:subfield>
</marc:datafield>
    <marc:datafield ind1="1" ind2=" " tag="700">
  <marc:subfield code="a">Williams, Talcott,</marc:subfield>
  <marc:subfield code="d">1849-1928,</marc:subfield>
  <marc:subfield code="e">former owner.</marc:subfield>
</marc:datafield>
    <marc:datafield ind1=" " ind2=" " tag="852">
  <marc:subfield code="b">University of Pennsylvania Museum of Archaeology and Anthropology</marc:subfield>
  <marc:subfield code="a">University of Pennsylvania</marc:subfield>
  <marc:subfield code="j">Penn Museum 29-201-710</marc:subfield>
</marc:datafield>
    <marc:datafield ind1="4" ind2="1" tag="856">
  <marc:subfield code="z">Digital facsimile in OPenn</marc:subfield>
  <marc:subfield code="u">http://openn.library.upenn.edu/Data/0016/html/29_201_710.html</marc:subfield>
</marc:datafield>
    <marc:datafield ind1="0" ind2="2" tag="880">
  <marc:subfield code="6">245-01//r</marc:subfield>
  <marc:subfield code="a">&#x627;&#x644;&#x62F;&#x631; &#x627;&#x644;&#x646;&#x641;&#x64A;&#x633; &#x641;&#x64A; &#x627;&#x646;&#x633; &#x627;&#x644;&#x638;&#x627;&#x639;&#x646; &#x648;&#x627;&#x644;&#x62C;&#x644;&#x64A;&#x633;</marc:subfield>
  <marc:subfield code="h">[electronic resource].</marc:subfield>
</marc:datafield>
    <marc:datafield ind1=" " ind2=" " tag="880">
  <marc:subfield code="6">500-02//r</marc:subfield>
  <marc:subfield code="a">&#x627;&#x644;&#x628;&#x62F;&#x627;&#x64A;&#x629; (&#x628;&#x639;&#x62F; &#x627;&#x644;&#x628;&#x633;&#x645;&#x644;&#x629; &#x648;&#x627;&#x644;&#x62A;&#x635;&#x644;&#x64A;&#x629;): &#x648;&#x628;&#x639;&#x62F; &#x641;&#x627;&#x646;&#x64A; &#x631;&#x623;&#x64A;&#x62A; &#x627;&#x647;&#x644; &#x632;&#x645;&#x627;&#x646;&#x646;&#x627; &#x647;&#x630;&#x627; &#x645;&#x648;&#x644;&#x639;&#x64A;&#x646; &#x628;&#x643;&#x62A;&#x628; &#x627;&#x644;&#x62C;&#x647;&#x627;&#x62F; &#x631;&#x627;&#x63A;&#x628;&#x64A;&#x646; &#x641;&#x64A; &#x633;&#x645;&#x627;&#x639; &#x627;&#x62E;&#x628;&#x627;&#x631; &#x641;&#x62A;&#x648;&#x62D; &#x627;&#x644;&#x628;&#x644;&#x627;&#x62F;.</marc:subfield>
</marc:datafield>
    <marc:datafield ind1="1" ind2="2" tag="880">
  <marc:subfield code="6">700-03//r</marc:subfield>
  <marc:subfield code="a">&#x648;&#x627;&#x642;&#x62F;&#x64A;&#x60C; &#x645;&#x62D;&#x645;&#x62F; &#x628;&#x646; &#x639;&#x645;&#x631;&#x60C;</marc:subfield>
  <marc:subfield code="d">747 &#x623;&#x648; 748-823.</marc:subfield>
  <marc:subfield code="t">Works.</marc:subfield>
  <marc:subfield code="k">Selections.</marc:subfield>
</marc:datafield>
    <marc:datafield ind1="0" ind2="2" tag="880">
  <marc:subfield code="6">700-04//r</marc:subfield>
  <marc:subfield code="a">&#x637;&#x644;&#x645;&#x646;&#x643;&#x64A;&#x60C; &#x627;&#x62D;&#x645;&#x62F; &#x628;&#x646; &#x645;&#x62D;&#x645;&#x62F;&#x60C;</marc:subfield>
  <marc:subfield code="d">951-1037.</marc:subfield>
  <marc:subfield code="t">Works.</marc:subfield>
  <marc:subfield code="k">Selections.</marc:subfield>
</marc:datafield>
    <marc:datafield ind1="0" ind2=" " tag="880">
  <marc:subfield code="6">700-05//r</marc:subfield>
  <marc:subfield code="a">&#x627;&#x628;&#x646; &#x627;&#x631;&#x643;&#x646; &#x645;&#x62D;&#x645;&#x62F; &#x627;&#x644;&#x645;&#x648;&#x646;&#x628;&#x60C;</marc:subfield>
  <marc:subfield code="d">active 1778&#x60C;</marc:subfield>
  <marc:subfield code="e">scribe.</marc:subfield>
</marc:datafield>
    <marc:datafield ind1=" " ind2=" " tag="948">
  <marc:subfield code="h">HELD BY PAU - 0 OTHER HOLDINGS</marc:subfield>
</marc:datafield>
    <marc:datafield ind1=" " ind2=" " tag="994">
  <marc:subfield code="a">Z0</marc:subfield>
  <marc:subfield code="b">PAU</marc:subfield>
</marc:datafield>
    <marc:datafield ind1=" " ind2=" " tag="996">
  <marc:subfield code="a">hinge-right</marc:subfield>
</marc:datafield>
    <marc:holdings>
      <marc:holding>
        <marc:holding_id>22596258250003681</marc:holding_id>
        <marc:call_number>Penn Museum 29-201-710</marc:call_number>
        <marc:library>KislakCntr</marc:library>
        <marc:location>scmsw</marc:location>
      </marc:holding>
    </marc:holdings>
  </marc:record>
</marc:records>
